@ARTICLE {lemson99,
    author  = "Lemson, Gerard and Kauffmann, Guinevere",
    title   = "Environmental influences on dark matter haloes and consequences for the galaxies within them",
    journal = "Monthly Notices of the Royal Astronomical Society",
    year    = "1999",
    volume  = "302",
    number  = "1",
    pages   = "111-117"
}
@ARTICLE {bailin05,
    author  = "Bailin, Jeremy ; Steinmetz, Matthias",
    title   = "Internal and External Alignment of the Shapes and Angular Momenta of LCDM Halos",
    journal = "Astrophysics J.",
    year    = "2005",
    volume  = "627",
    pages   = "647-665"
}
@ARTICLE {hahn07a,
    author  = "Hahn et al",
    title   = "Properties of dark matter haloes in clusters, filaments, sheets and voids",
    journal = "Monthly Notices of the Royal Astronomical Society",
    year    = "2007",
    volume  = "375",
    number  = "2",
    pages   = "489-499"
}
@ARTICLE {hahn07b,
    author  = "Hahn et al",
    title   = "The evolution of dark matter halo properties in clusters, filaments, sheets and voids",
    journal = "Monthly Notices of the Royal Astronomical Society",
    year    = "2007",
    volume  = "381",
    number  = "1",
    pages   = "41-51"
}
@ARTICLE {bullock05,
    author  = "Bullock, James S. ; Johnston, Kathryn V.",
    title   = "Tracing galaxy formation with stellar halos. I. Methods",
    journal = "Astrophysical Journal Letters",
    year    = "2005",
    volume  = "635",
    number  = "2",
    pages   = "931-949"
}
@ARTICLE {dubois14,
    author  = "Dubois et al",
    title   = "Dancing in the dark: galactic properties trace spin swings along the cosmic web",
    journal = "Monthly Notices of the Royal Astronomical Society",
    year    = "2014",
    volume  = "444",
    number  = "2",
    pages   = "1453-1468"
}
@ARTICLE {bowden13,
    author  = "Bowden, A ; Evans, N. W ; Belokurov, V",
    title   = "Triaxial cosmological haloes and the disc of satellites",
    journal = "Monthly Notices of the Royal Astronomical Society",
    year    = "2013",
    volume  = "435",
    number  = "2",
    pages   = "928-933"
}
@ARTICLE {rojas12,
    author  = "Rojas-Niño, Armando ; Valenzuela, Octavio ; Pichardo, Barbara ; Aguilar, Luis A.",
    title   = "Detecting triaxiality in the galactic dark matter halo through stellar kinematics",
    journal = "The Astrophysical Journal Letters",
    year    = "2012",
    volume  = "757",
    number  = "2",
    pages   = "28-33"
}
@ARTICLE {tenneti15,
    author  = "Tenneti, Ananth ; Mandelbaum, Rachel ; Di Matteo, Tiziana ; Kiessling, Alina ; Khandai, Nishikanta",
    title   = "Galaxy shapes and alignments in the MassiveBlack-II hydrodynamic and dark matter-only simulations",
    journal = "Monthly Notices of the Royal Astronomical Society",
    year    = "2015",
    volume  = "453",
    number  = "1",
    pages   = "469-482"
}
@ARTICLE {porciani02a,
    author  = "Porciani et al",
    title   = "Testing tidal-torque theory I. Spin amplitude and direction",
    journal = "Monthly Notices of the Royal Astronomical Society",
    year    = "2002",
    volume  = "332",
    number  = "2",
    pages   = "325-338"
}
@ARTICLE {porciani02b,
    author  = "Porciani et al",
    title   = "Testing tidal-torque theory II. Alignment of inertia and shear and the characteristics of protohaloes",
    journal = "Monthly Notices of the Royal Astronomical Society",
    year    = "2002",
    volume  = "332",
    number  = "2",
    pages   = "339-351"
}
@ARTICLE {sousbie11a,
    author  = "Sousbie, T",
    title   = "The persistent cosmic web and its filamentary structure – I. Theory and implementation",
    journal = "Monthly Notices of the Royal Astronomical Society",
    year    = "2011",
    volume  = "414",
    number  = "1",
    pages   = "350-383"
}
@ARTICLE {sousbie11b,
    author  = "Sousbie, T ; Pichon, C ; Kawahara, H,",
    title   = "The persistent cosmic web and its filamentary structure – II. Illustrations",
    journal = "Monthly Notices of the Royal Astronomical Society",
    year    = "2011",
    volume  = "414",
    number  = "1",
    pages   = "384-403"
}
@ARTICLE {welker14,
    author  = "Welker et al",
    title   = "Mergers drive spin swings along the cosmic web",
    journal = "Monthly Notices Of The Royal Astronomical Society",
    year    = "2014",
    volume  = "445",
    number  = "1",
    pages   = "L46-:50"
}
@ARTICLE {codis15,
    author  = "Codis et al",
    title   = "Intrinsic alignment of simulated galaxies in the cosmic web: implications for weak lensing surveys",
    journal = "Monthly Notices of the Royal Astronomical Society",
    year    = "2015",
    volume  = "448",
    number  = "4",
    pages   = "3391-3404"
}
